<?xml version="1.0" encoding="UTF-8"?><collection xmlns="http://www.loc.gov/MARC21/slim"><record><leader>00576nam--2200193-u-4500</leader><controlfield tag="001">000053333</controlfield><controlfield tag="002">20161230</controlfield><controlfield tag="005">20161230201051</controlfield><controlfield tag="008">110315s1000------------r-----000-0-eng-d</controlfield><datafield ind1=" " ind2=" " tag="020"><subfield code="a">0750303328</subfield></datafield><datafield ind1=" " ind2=" " tag="040"><subfield code="a">IFIN-HH</subfield></datafield><datafield ind1=" " ind2=" " tag="080"><subfield code="a">524.354(4+6+7)</subfield></datafield><datafield ind1="1" ind2=" " tag="100"><subfield code="a">Weber, F</subfield></datafield><datafield ind1="1" ind2="0" tag="245"><subfield code="a">Pulsars as astrophysical laboratories for nuclear and particle physics</subfield><subfield code="c">F. weber</subfield></datafield><datafield ind1=" " ind2=" " tag="260"><subfield code="a">Bristol</subfield><subfield code="b">Institute Of Physics Publishing</subfield><subfield code="c">1999</subfield></datafield><datafield ind1=" " ind2=" " tag="300"><subfield code="a">682P</subfield></datafield><datafield ind1=" " ind2=" " tag="490"><subfield code="a">Studies In High Energy Physics, Cosmology And Gravitation</subfield></datafield><datafield ind1=" " ind2=" " tag="852"><subfield code="a">81395</subfield><subfield code="c">523</subfield></datafield><datafield ind1=" " ind2=" " tag="CAT"><subfield code="a">Sys</subfield><subfield code="c">20110315</subfield><subfield code="h">084633</subfield></datafield></record></collection>